1575 2536
312 30 377 81 82
690 37 773 74 nn
837 37 858 74 s
878 37 900 74 1
916 40 948 76 c
967 35 998 75 L
1015 36 1068 85 03
1179 66 1183 68 .
1495 81 1499 85 ,

313 92 430 164 quis
454 93 676 161 singulos
702 93 847 144 siclos
863 110 956 159 pro
983 94 1150 160 pretio
1173 96 1315 144 aurei
1341 95 1473 146 aec'i-

316 167 443 228 piat‚
460 160 563 210 hoc
578 157 647 227 est
665 198 679 220 ,
695 175 787 224 pro
802 162 1039 223 quinque
1054 160 1308 222 argenteis
1321 158 1466 211 siclis,

390 227 497 275 uod
521 224 557 273 fi
584 227 699 288 quis
723 226 908 289 viginti
935 225 1134 288 argenti
1167 238 1259 288 pro
1284 226 1471 290 Viginti

317 293 484 341 aureis
503 291 727 353 accipiat
746 326 760 349 ‚
787 304 850 337 ex
866 291 1032 352 pretio
1060 300 1336 338 aureorum
1381 305 1471 338 au-

318 370 432 405 reos
462 350 592 419 ipsos
608 352 909 417 ,designatos
934 353 1147 401 credens
1163 387 1177 413 ,
1217 368 1340 402 cum
1367 351 1474 402 hoc

307 434 432 469 -non
447 418 830 468 contendemus
845 456 860 478 ,
890 417 1164 482 'praesertim
1181 415 1304 466 cum
1331 418 1474 481 apud

319 483 530 533 Graecos
546 484 638 547 qui
662 482 845 531 iisdem
859 494 983 530 cum
1012 480 1245 531 Hebraeis
1256 480 1326 531 vfi
1352 482 1474 531 sunt

305 548 660 614 ponderibus,
676 545 981 611 exemplum
998 544 1152 594 huius
1169 549 1240 595 rei
1255 548 1473 610 reperia-

323 627 426 663 tur.
462 612 665 662 Aureus
681 614 823 660 enim
839 625 1092 660 nummus
1107 611 1246 674 apud
1263 609 1474 660 Graecos

322 693 433 727 non
459 690 734 740 nunquam
764 678 928 739 pretij·
947 673 1207 724 vocabulo
1246 675 1475 739 defigna-

326 743 480 791 batur
496 779 511 802 ,
538 740 668 794 ficut
681 740 818 805 apud
843 737 1184 789 Athenienses
1199 736 1474 789 semistate-

322 823 401 856 res
429 807 569 854 aurei
582 806 904 854 vocabantur
931 804 1266 854 tetrastateres
1285 843 1299 865 ‚
1327 802 1473 868 quod

322 870 567 920 videlicet
582 884 807 933 quatuor
822 867 1022 918 stateres
1038 868 1284 919 valerent.
1320 869 1472 937 Qa-

322 949 487 999 quam
516 931 717 998 proprie
745 932 817 981 illi
844 936 983 983 aurei
1014 938 1101 996 (vt
1127 933 1228 982 hoc
1257 950 1473 998 quoque

322 1001 638 1049 admoneam
670 1000 684 1058 )
718 995 746 1045 a
773 1001 941 1062 pretio
969 1013 1076 1047 non
1106 998 1440 1048 tetrastateres
1457 1036 1472 1058 ‚

320 1063 408 1113 sed
425 1060 760 1112 hexastateres
775 1063 877 1111 dici
890 1061 1311 1126 deberet,finguli
1328 1066 1471 1112 enim

319 1126 659 1188 semistateres
698 1129 838 1175 aurei
877 1125 1126 1176 ofito‘num
1163 1126 1441 1177 obolorum
1457 1166 1473 1188 ,

318 1192 407 1244 sex
421 1192 623 1243 stateres
639 1206 906 1256 argenteos
922 1190 1105 1240 senum
1132 1192 1329 1241 denum
1346 1192 1476 1242 obo-

321 1257 498 1309 lorum
524 1255 798 1316 valebant,
827 1254 958 1305 sicut
972 1256 1110 1321 apud
1138 1253 1386 1306 Hebraeos
1415 1254 1474 1308 fi-

323 1321 435 1372 clus
465 1337 648 1372 aureus
665 1360 678 1380 ,
707 1324 836 1385 quin
877 1337 942 1369 ue
968 1321 1116 1369 sexve
1141 1324 1446 1385 argenteo&

326 1385 472 1438 Hinc
488 1390 630 1436 enim
657 1386 833 1434 hemie
887 1400 1144 1450 aquoque
1170 1385 1478 1435 dicebantur

323 1452 626 1501 huiusmodi
642 1453 781 1499 aurei
805 1489 821 1510 ,
837 1450 967 1499 ficut
980 1449 1127 1514 supra
1138 1448 1472 1500 ostendimus,

323 1514 524 1566 Verum
567 1517 817 1580 quoniam
861 1512 1063 1563 stateres
1105 1514 1473 1563 tetradrachmi

323 1584 486 1645 magis
516 1580 729 1629 fuerunt
756 1582 809 1628 in
837 1576 929 1627 vsu
956 1578 1393 1639 AthenienfibUS‚
1420 1583 1474 1630 δε

320 1659 552 1709 quatuor
589 1642 957 1693 tetradrachmi
1008 1644 1322 1693 tantundem
1364 1642 1471 1692 effi-

324 1712 474 1758 ciunt
490 1722 748 1771 quantum
779 1707 861 1756 sex
876 1705 1057 1756 senum
1076 1708 1272 1757 denum
1290 1708 1475 1757 obolo-

324 1790 441 1823 rum
459 1814 473 1835 ,
501 1772 692 1823 fanum
716 1768 786 1821 est
798 1785 855 1821 vt
871 1768 1206 1821 tetrastateres
1223 1776 1383 1837 magis
1400 1773 1486 1827 di-¹¹

322 1852 582 1887 cerentur.
598 1835 697 1886 Sed
709 1839 847 1900 vigin
855 1839 894 1884 ti
910 1835 1051 1885 siclos
1067 1840 1265 1902 argenti
1281 1838 1485 1902 quibus

328 1897 512 1967 loseph
525 1902 766 1952 venditus
782 1899 850 1949 est
865 1939 879 1960 ,
902 1898 1006 1949 fi'ue
1021 1905 1250 1964 pretium
1288 1904 1474 1967 viginti

323 1983 603 2016 aureorum
631 1964 914 2029 intelligas,
942 1964 1046 2014 fiue
1062 1969 1245 2030 Viginti
1276 1973 1473 2028 aureos,

366 2046 512 2080 arum
530 2031 685 2081 refert
695 2029 818 2079 etim
833 2043 1118 2093 Vtrumque
1134 2032 1275 2081 idem
1291 2029 1472 2081 valeat.

325 2045 481 2147 Extat
494 2094 622 2145 alter
634 2093 778 2144 locus
794 2097 847 2143 in
863 2091 1054 2144 Genefi
1069 2134 1084 2156 ,
1117 2111 1279 2161 quem
1296 2095 1474 2145 Suidas

323 2163 491 2214 etiam
518 2157 790 2226 designasse
813 2159 977 2210 videri
992 2157 1172 2226 possit,
1201 2159 1323 2211 'etim
1347 2159 1476 2274 dicit}

1337 2239 1437 2290 apu
