1575 2536
443 68 472 112 t
488 75 523 111 τ
573 74 653 112 'rA
673 73 749 110 με
764 73 803 109 N
817 73 852 108 ’r
865 69 921 108 0.
1202 72 1277 130 97

107 141 267 200 ptum
281 129 596 182 haberemus
612 168 628 191 ,
656 127 943 180 necessari&
959 128 1276 195 intelligere-

108 212 228 248 mus
243 199 451 261 triginta
475 208 760 260 argenteos.
805 190 1006 244 Vertim
1021 191 1145 243 etim
1159 197 1274 254 τριά-

104 283 211 310 κοντα
236 264 398 319 ἀργύρια
422 259 667 324 scriptum
686 258 747 307 sit
763 297 778 320 ‚
803 257 1069 323 possumus
1082 261 1274 310 intelli-

102 342 226 392 gere
243 328 455 390 triginta
470 323 754 373 summulas
773 361 787 383 ,
803 336 859 372 vt
874 324 945 371 ita
958 323 1149 378 dicam,
1165 323 1271 375 hoc

101 390 197 450 est,
230 393 444 455 triginta
472 388 710 438 siclorum
741 389 850 435 auri
876 390 1055 451 pretia.
1119 387 1268 441 Nam

99 454 207 519 qu&
218 455 251 506 d
263 471 374 506 non
392 456 600 518 triginta
625 453 857 502 denarios
872 452 959 500 hic
974 452 1265 518 intelligere

99 520 388 570 debeamus
403 557 419 580 ‚
447 534 523 567 res
541 515 642 581 ipsa
663 520 848 581 arguit.
886 513 1104 565 Constat
1117 522 1262 570 enim

98 587 323 651 pecunia
336 583 420 633 illa
436 596 616 646 agrum
631 596 714 629 em
725 595 876 644 ptum
893 580 1008 640 effe,
1029 584 1083 630 in
1096 581 1261 647 sepul-

100 659 272 698 turam
289 650 698 714 peregtinorum.
717 645 957 709 Triginta
970 660 1148 695 autem
1168 649 1258 697 de-

95 717 248 763 nariis
264 716 371 762 emi
384 710 454 761 n6
469 724 692 776 poterat:
721 708 874 778 Qid
889 711 1032 758 enim
1049 713 1256 763 tantillo

94 781 327 843 pecuniae
353 791 493 826 emas
510 783 525 823 ἓ
556 790 678 824 nam
696 777 906 838 triginta
934 775 1123 839 denarij
1143 792 1254 828 non

92 842 267 891 multo
279 842 392 906 plus
405 840 580 890 valent
594 851 819 904 quatuor
832 839 998 888 taleris
1009 858 1019 887 ε
1030 855 1252 907 quapro-

90 920 207 972 pter
231 905 318 955 hic
343 908 553 970 triginta
591 904 750 960 dwv‘ezoe
776 906 1086 968 accipiemus
1100 943 1114 966 ,
1154 921 1251 971 pro

89 971 258 1036 pretio
285 972 495 1034 triginta
527 967 771 1017 siclorum
789 971 912 1017 auri.
949 969 1249 1022 Vtebantut

87 1049 269 1084 autem
287 1049 413 1084 tunc
430 1032 585 1083 Iudaei
600 1071 614 1093 ,
641 1047 698 1081 vt
712 1032 907 1082 constat
922 1048 984 1082 ex
1010 1031 1247 1101 Euange-

84 1099 182 1160 liis,
195 1098 434 1151 Romana
447 1112 677 1147 moneta.
696 1096 947 1148 Romanis
962 1112 1140 1149 autem
1154 1117 1245 1150 au·-

85 1167 159 1213 rei
174 1163 546 1215 didrachmales
562 1172 722 1221 erant3
743 1177 1059 1228 quapropter
1072 1179 1109 1213 x
1126 1180 1163 1214 x
1179 1180 1241 1227 X,

85 1243 363 1279 aureorum
389 1226 692 1278 huiusmodi
719 1230 946 1291 pretium
975 1241 1240 1280 trecentos

84 1291 289 1358 superat
315 1293 565 1343 denarios,
603 1289 658 1353 Q
660 1293 772 1359 god
787 1291 820 1340 fi
837 1308 944 1342 non
956 1293 1240 1344 numisma-

90 1360 177 1408 tici
194 1396 209 1418 ‚
225 1356 309 1406 sed
326 1358 463 1406 rudis
477 1394 493 1417 ,
517 1362 569 1407 δε
585 1358 835 1406 inferioris
850 1371 986 1406 notae
999 1361 1107 1407 auri
1122 1374 1237 1423 pre-

88 1424 225 1471 tium
238 1421 525 1485 intelligere
538 1421 800 1480 volumus,
817 1437 849 1469 x
861 1437 894 1469 x
909 1421 1066 1471 x.ficli
1080 1422 1247 1474 huius

82 1486 229 1536 modi
245 1488 352 1535 auri
382 1484 618 1535 efficiunt
632 1488 685 1534 in
711 1486 927 1549 decupla
942 1490 1233 1551 proportio-

78 1564 431 1612 ne,trecentos
442 1550 1035 1601 denarioszaestimabatur
1047 1567 1109 1600 au
1117 1565 1228 1603 tem

65 1621 408 1680 'vnguentum
425 1654 439 1675 ,
462 1616 605 1678 quod
620 1617 672 1663 in
689 1628 843 1679 caput
861 1611 1083 1664 Domini
1098 1615 1229 1666 effu-

78 1677 191 1729 sum
206 1679 291 1739 est,
330 1680 564 1742 lusquam
580 1682 821 1728 trecentis
836 1679 1226 1731 denariis.1udas

78 1758 272 1796 autem,
298 1757 407 1794 icut
420 1743 636 1794 Ioannes
650 1743 1222 1808 scribit‚indignabatur,

78 1806 224 1872 qued
250 1825 358 1860 non
386 1808 509 1858 esset
533 1810 776 1856 trecentis
803 1809 1018 1857 denariis
1045 1810 1224 1860 vendi-

79 1886 194 1922 tum
213 1899 225 1932 ς
246 1874 384 1923 vnde
399 1872 666 1938 probabiie
680 1870 953 1931 cst>1i1dam
970 1886 1177 1922 tantum
1194 1873 1222 1924 ἆ

78 1935 256 1987 Iudaeis
274 1937 533 2001 postulasse
550 1976 564 1997 ‚
591 1942 643 1988 δέ
659 1936 902 2001 accepisse
933 1941 1115 2001 quanti
1129 1955 1222 1988 vn-

76 2015 332 2065 guentum
357 2004 522 2052 valere
537 2003 754 2066 putabat
771 2039 784 2061 ,
810 2001 892 2050 vel
906 2004 1086 2067 quanti
1109 2019 1219 2054 non

75 2064 172 2118 eise
187 2067 458 2118 venditum
474 2067 853 2132 indignabatur.

801 2190 850 2275 <3
1108 2185 1220 2245 DE
