1575 2536
494 114 527 152 D
549 118 575 152 E
626 119 658 153 A
681 118 702 153 s
727 119 747 153 s
767 116 812 154 Ε.
1186 117 1242 151 21

109 173 310 239 pondus
324 171 511 220 habere
538 173 746 221 iudicati
766 171 881 221 sunt
895 210 907 230 ‚
928 173 1084 220 etiam
1102 184 1228 220 tunc

109 236 232 286 cum
249 239 473 300 primum
491 235 667 300 signati
681 234 1037 285 ess'enss-{abet
1049 250 1225 286 autem

145 301 308 350 ondus
339 298 649 364 semigroffus
676 298 936 348 nosteride
950 302 1091 363 quod
1119 301 1226 352 Au-

107 315 306 414 {fiacus
324 360 610 423 Cruciatus,
633 378 824 428 nempe
840 364 883 411 V
887 365 1115 413 ienensis.
1154 364 1226 415 Ex

106 427 210 477 hoc
243 442 418 477 autem
447 425 569 476 semi
607 426 850 476 ross'orum
878 428 1102 491 pondere
1129 445 1224 493 ego

109 495 329 541 coniicio
344 493 522 542 libram
601 493 964 540 ummulariam
982 494 1114 556 apud
1131 510 1224 543 nos

108 560 393 621 antiquitus
428 554 725 606 Romanum
754 557 950 619 pondus
979 555 1221 606 habuiss'e.

109 617 273 669 Cuius
290 625 358 670 rei
384 633 690 683 argumento
716 619 830 668 sunt
843 623 999 668 etiam
1020 621 1223 669 mensu*
1290 620 1294 645 ³

113 700 176 734 rae
191 684 362 734 nostrae
377 699 496 732 cum
514 682 760 734 Romanis
776 683 1019 734 mensuris
1035 701 1225 733 conue-

107 752 383 808 niente5,vt
395 747 600 797 inferius
616 748 954 798 ostendemus.
974 748 1122 797 Vnde
1138 766 1224 799 an-

110 815 324 878 tiquitus
352 809 542 861 cumin
555 810 643 860 vsu
658 812 861 861 fuissent
887 813 1021 877 apud
1041 829 1126 861 ³⁶08
1140 815 1227 862 de-
1265 830 1274 836 ··

107 880 230 933 narii
258 875 497 936 Romani,
543 891 714 925 marca
739 880 965 940 pecuniae
984 915 998 936 ,
1028 876 1125 925 hoc
1140 878 1227 938 est,

109 939 444 1007 quadraginta
455 938 569 990 οᾶὶο
584 941 792 1000 denarii,
809 955 1033 990 marcam
1052 956 1228 1006 argen-

109 1008 150 1055 ti
160 1005 361 1055 valebat
371 1010 440 1064 ,δε
455 1021 516 1054 ex
530 1021 593 1054 eo
620 1007 908 1054 etiamnum
927 1006 1228 1069 quadragin-

110 1083 164 1120 ta
187 1067 302 1119 οξὶο
329 1067 476 1133 grossi
514 1070 757 1118 dicuntur
781 1084 949 1118 marca
981 1107 996 1131 ,
1033 1069 1230 1121 etiamst

112 1148 337 1184 marcam
365 1136 559 1199 argenti
573 1148 667 1183 nec
691 1133 859 1184 valore
884 1149 979 1184 nec
1004 1134 1231 1199 pondere

112 1214 152 1249 κ
194 1211 332 1246 uent.

147 1213 439 1322 „qRomanos
453 1259 574 1310 aute
586 1261 813 1310 denarios
832 1261 966 1325 apud
982 1278 1073 1312 nos
1092 1261 1231 1312 fuiffe

119 1325 173 1376 in
185 1323 275 1374 vsu
290 1364 302 1385 ‚
330 1339 535 1389 apparet
556 1342 616 1373 ex
632 1341 694 1374 eo
709 1363 722 1386 ‚
748 1327 888 1389 quod
912 1330 1065 1374 etiam
1095 1342 1235 1378 nuuc

115 1390 268 1440 multi
282 1391 602 1453 reperiuntur
615 1392 667 1438 in
683 1393 827 1453 agris,
861 1395 914 1440 δε
930 1390 1131 1455 singulis
1146 1407 1234 1440 an·-

115 1455 190 1513 nis
207 1453 357 1502 multi
371 1468 459 1518 per
485 1466 657 1502 totum
674 1452 775 1502 fere
795 1469 1010 1518 regnum
1025 1456 1088 1503 ab
1106 1457 1236 1505 auri-

114 1516 295 1568 ficibus
311 1517 613 1566 conflantur.
710 1515 875 1591 Qod
892 1532 1064 1567 autem
1083 1519 1237 1568 dena-

115 1584 215 1632 rius
231 1580 315 1630 seu
341 1597 588 1630 nummus
611 1581 797 1646 denari]
830 1582 1053 1647 pondere
1079 1583 1239 1648 signa-

117 1660 198 1696 tus
215 1649 266 1694 in
278 1643 458 1694 ,Gallia
472 1648 760 1694 etiamnum
786 1661 1000 1696 vocetur
1026 1647 1234 1712 grossus,

119 1710 327 1760 testatur
341 1708 551 1759 Budaeus
568 1711 631 1759 de
645 1709 755 1758 ass'e.

181 1771 443 1824 Caeterum
459 1775 599 1838 quod
614 1775 796 1823 libram
825 1772 1115 1824 Romanam
1134 1775 1239 1826 dixi

120 1837 260 1888 fuiffe
274 1839 549 1888 duodecim
563 1841 847 1898 vnciarum,
877 1837 976 1886 hoc
991 1839 1239 1905 intellig&-

121 1904 248 1952 dum
264 1903 331 1951 est
348 1942 359 1962 ‚
376 1919 482 1952 non
495 1904 558 1952 de
572 1903 698 1951 libra
727 1901 1234 1954 Nummulariorum.

124 1965 268 2015 Nam
284 1968 410 2015 libra
437 1967 782 2016 nummularia
796 1967 928 2030 apud
958 1966 1241 2029 Romanos,

124 2047 236 2095 quae
251 2033 406 2080 etiam
422 2034 563 2079 mina
574 2036 626 2081 δε
648 2031 820 2094 pondo
835 2032 1021 2079 dicitur
1039 2071 1052 2092 ,
1070 2048 1242 2081 cente-

125 2098 263 2144 naria
276 2095 443 2155 fuit,id
459 2095 550 2155 est,
571 2109 782 2143 centum
799 2096 1027 2144 denarios
1041 2096 1243 2158 habuit,

125 2158 209 2208 seu
224 2160 365 2222 quod
379 2160 515 2209 idem
530 2159 613 2218 est,
634 2160 909 2208 duodecim
924 2164 1092 2209 vncias
1107 2167 1159 2211 δε
1176 2161 1245 2209 se-

126 2223 343 2285 missem,
359 2240 471 2290 quae
484 2223 735 2289 siciliquos
750 2221 983 2336 efigciunt
997 2229 1245 2291 quinqua-

904 2307 924 2348 3
1103 2305 1245 2354 ginta
