1575 2536
508 95 545 128 D
559 94 587 129 ε
630 93 667 129 A
685 92 706 129 s
727 93 748 130 s
767 91 814 131 1·:.'

82 149 295 218 liquoris
313 145 693 215 capit.Proinde
708 147 744 199 fi
759 147 903 213 aqu'ae
916 158 1007 197 aut
1019 148 1126 197 vini
1177 144 1234 196 6-

83 219 178 267 dus
189 217 376 281 viginti
390 228 615 279 quatuor
624 217 892 263 vnciarum
906 214 1136 278 accipias,
1179 228 1229 262 a-

86 282 231 332 bebis
256 280 529 331 sextarium
544 277 805 330 Romanii.
856 275 1110 327 Sextarius
1125 277 1231 330 Ro-

84 351 268 396 manus
284 348 419 409 capit
433 357 691 409 quantum
709 340 1063 392 Cracouienfis
1078 357 1229 407 quar-

82 414 151 460 ta.
167 409 374 473 Sextarij
394 407 618 461 Romani
630 408 938 458 dodrantem
954 410 1114 470 capit,
1138 411 1232 455 siet!

82 473 320 525 mensura
350 475 506 540 vulgo
533 471 664 524 dista
690 471 1055 523 Olomucenfis
1071 508 1086 531 ,
1112 487 1227 536 quae

81 539 341 590 *Morauiae
354 538 423 588 est
435 538 753 603 metropoliS,
771 535 988 603 proinde
1001 550 1227 602 quatuor

68 606 154 670 fiet!
176 603 411 654 efficiunt
424 618 522 653 tres
536 602 773 652 sextarios
800 601 1081 656 Romanos.
1114 599 1219 649 sex-

83 672 193 734 tarij
224 668 451 721 Romani
474 667 711 718 mensura
732 671 786 717 in
800 667 1055 733 plerisque
1082 685 1114 717 o
1154 667 1228 730 pi-

82 736 157 785 dis
185 732 433 784 Masouiae
456 736 748 782 etiamnum
765 734 1030 797 reperitur.
1154 732 1229 781 lo-

81 803 163 849 tiae
176 801 461 863 antiquitus
475 797 574 847 fuit
587 795 824 847 mensura
846 836 861 858 ,
875 811 1059 862 quarta
1070 797 1228 863 vulgo

82 862 245 925 dieta,
273 862 487 913 sextario
513 861 756 914 Romano
781 877 883 927 par.
924 860 1086 911 Nunc
1105 860 1229 912 vero

81 931 274 978 nonita
289 929 490 994 pridem
504 927 573 977 est
587 927 860 976 diminuta.
890 925 950 976 In
966 928 1229 976 nonnullis

83 1007 262 1042 tamen
288 993 488 1058 oppidis
502 993 566 1042 ad
599 989 821 1041 Plotiam
850 992 1230 1056 pertinentibus

83 1057 254 1108 adhuc
277 1057 435 1123 prisca
486 1061 737 1106 retinetur
770 1055 977 1119 Sextarij
1005 1055 1232 1108 Romani

40 1151 43 1153 ·
84 1122 321 1173 mensura
335 1161 350 1184 ,
375 1125 687 1172 nominatim
716 1126 769 1171 in
791 1123 984 1187 oppido
1027 1120 1227 1182 Mlana,

85 1189 174 1237 vbi
189 1202 305 1236 tum
319 1186 739 1253 agebamu5‚ciim
754 1186 861 1235 haec
873 1185 1223 1237 scriberemus

88 1251 146 1302 In
166 1268 273 1317 quo
300 1253 492 1318 oppido
508 1254 666 1301 etiam
694 1252 762 1301 est
777 1250 1012 1300 mensura
1041 1254 1229 1316 congio

91 1316 331 1368 Romano
344 1333 433 1382 par
447 1355 460 1377 ‚
475 1333 589 1381 quae
603 1316 837 1366 mensura
852 1316 1069 1365 ceruisiae
1083 1316 1229 1365 semi-

86 1380 249 1441 grosso
274 1382 557 1431 venundari
582 1381 726 1431 solet.
812 1379 1065 1430 Sextarius
1093 1382 1229 1445 apud

85 1434 353 1497 Romanos
380 1448 433 1494 in
472 1447 749 1496 duodecim
791 1443 1020 1514 Cyathos
1047 1446 1229 1495 diuidi-

88 1524 185 1560 tur.
216 1507 449 1563 Cvathus
465 1512 586 1559 duas
600 1509 892 1570 vncias,hoc
906 1508 991 1570 est,
1007 1509 1225 1560 sedecim

87 1570 353 1625 drachmas
367 1575 575 1639 liquoris
591 1577 850 1640 appendit.
896 1573 1087 1624 Sestans
1100 1576 1229 1625 duos

87 1639 294 1703 cyathos
308 1642 443 1704 capit
460 1679 473 1700 ,
501 1655 691 1703 nempe
706 1639 893 1688 sextam
914 1654 1109 1703 partem
1128 1640 1228 1689 sex-

89 1706 216 1767 tarij.
263 1703 448 1753 Triens
465 1703 585 1753 vero
603 1707 751 1753 tertia
780 1720 888 1768 pars
904 1706 1095 1767 sextarij
1116 1704 1229 1765 fuit,

87 1768 188 1818 hoc
202 1768 286 1829 est,
307 1783 530 1832 quatuor
541 1767 808 1836 cyathi.Sic
825 1773 1107 1833 quincunx,
1125 1768 1228 1833 sep-

78 1840 217 1882 ·‘tunx
234 1872 246 1893 ‚
264 1834 350 1882 bes
365 1872 380 1894 ,
396 1833 568 1882 deunx
584 1872 598 1893 ,
615 1850 705 1897 pro
730 1832 966 1882 mensura
979 1837 1230 1897 quinque,

88 1897 284 1962 septem
301 1937 314 1958 ‚
342 1896 456 1948 οξὶο
483 1903 536 1948 δέ
559 1899 799 1948 vndecim
829 1897 1131 1964 cyathorum
1159 1900 1231 1947 di-

91 1961 527 2013 cuntur.Romani
543 1966 683 2011 enim
701 1961 992 2022 sextarium,
1010 1963 1146 2026 quasi
1164 1963 1231 2011 le·-

90 2030 330 2092 gitimam
346 2043 403 2076 ac
419 2028 776 2092 quotidianam
791 2028 941 2076 virilis
958 2041 1107 2091 potus
1123 2026 1231 2076 [ῃέ-

90 2092 257 2140 suram
274 2090 546 2141 statuentes
560 2092 623 2141 ab
641 2108 704 2141 eo
717 2131 730 2152 ,
763 2091 900 2156 quasi
919 2092 982 2142 ab
999 2091 1092 2140 affe
1108 2095 1233 2140 inci*

90 2159 307 2221 pientes,
331 2157 525 2221 reliqua
535 2156 786 2206 vocabula
801 2171 965 2220 partes
979 2160 1085 2206 eius
1102 2157 1233 2205 fece-

92 2233 243 2283 runt,
267 2234 323 2271 vt
347 2219 583 2272 sextarius
608 2219 714 2272 assis
732 2226 784 2271 δέ
801 2236 964 2285 partes
991 2225 1096 2271 eius
1124 2237 1232 2285 par-

699 2282 754 2336 D
824 2302 851 2354 3
1097 2289 1228 2336 tium
