1575 2536
323 70 378 128 36·
624 73 944 108 EPITOME
990 74 1238 110 BVDA-:t

322 145 432 179 tem
451 128 553 177 sicli
580 125 825 176 Hebraici
841 129 1041 192 pondus
1055 129 1255 189 habuit,
1270 129 1370 178 hoc
1385 131 1475 191 est,

324 207 547 258 quatuor
577 191 869 240 Atticarum
886 192 1395 254 drachmarum‚ficut
1410 211 1474 247 ex

328 255 547 320 Iosepho
561 256 798 306 discimus
816 295 831 316 ‚
847 260 935 320 qui
951 258 1082 305 libro
1100 261 1477 321 antiquitatum*

330 325 515 382 tertio,
543 336 635 384 pro
649 320 831 369 decem
863 324 969 369 auri
985 320 1110 369 siclis
1139 322 1472 371 iuxtaiiclum

332 384 589 446 sanctuarij
633 385 813 433 decem
854 381 1066 436 Daricos
1116 388 1475 450 interpretatus

335 448 544 499 est.Nec
559 453 740 513 ignoro
753 447 982 512 scripfiss'e
997 448 1244 512 quosdam
1260 465 1473 499 aureum

338 512 591 565 Dal-icum
620 513 760 562 fuiss'e
786 512 1186 562 didrachmalem
1219 518 1272 563 Sc
1294 517 1477 577 viginti

338 577 606 628 drachmas
622 580 816 642 argenti
832 578 1049 626 valuiss'e.
1073 576 1170 626 Sed
1186 577 1284 626 hoc
1298 578 1477 626 falsum

334 642 430 692 effe
443 645 734 706 coarguitur
747 645 903 690 etiam
919 639 1367 706 eerenophonte,
1388 645 1478 705 qui

336 706 507 755 scribit
532 706 838 770 stipendium
885 706 1202 755 menstruum
1232 704 1475 758 Graecorsi

333 772 564 820 militum
621 773 673 818 ui
688 774 741 818 in
757 770 916 819 castris
936 767 1057 837 Cyri
1084 769 1480 830 merebat,fuiffe

339 850 555 887 aureum
653 837 845 883 aricum
864 873 877 894 ‚
914 834 1110 883 etiamsi
1152 834 1478 898 posteaquam

341 897 576 963 suspicari
591 899 855 962 coepissent
871 896 1034 948 Graeci
1051 937 1064 959 ,
1092 897 1139 946 se
1159 899 1392 948 aduersus
1407 913 1483 947 re-

337 978 459 1026 gem
474 960 736 1010 Persarum
751 963 869 1011 duci
888 968 941 1013 δε
956 963 1168 1027 proinde
1183 961 1324 1026 sequi
1338 978 1481 1013 recu-

335 1028 529 1087 sarent,
558 1024 724 1092 Cyrus
750 1026 991 1091 stipendia
1016 1030 1073 1075 iis
1101 1029 1296 1075 auxerit
1321 1031 1481 1090 &pro

338 1088 534 1142 Darico
550 1089 837 1156 promiserit
865 1090 1276 1155 sesquidaricum.
1312 1088 1481 1165 Qod

335 1155 371 1210 sl
414 1153 634 1204 Daricus
662 1153 992 1205 didrachmus
1036 1154 1162 1215 fuit,
1210 1160 1263 1206 &
1299 1157 1481 1218 viginti

337 1219 605 1269 drachmas
633 1220 813 1278 valuit;
863 1220 1132 1283 quomodo
1157 1218 1400 1268 credibile
1415 1218 1483 1267 est

340 1281 546 1333 Graecos
582 1298 689 1333 tam
718 1283 844 1333 leuis
872 1285 1120 1333 mercedis
1148 1286 1306 1348 gratia
1331 1281 1485 1342 trans-

342 1351 591 1398 marinam
612 1349 851 1397 militiam
871 1347 1144 1412 fiiscepiffe,
1172 1349 1330 1411 idque
1345 1348 1481 1411 apud

342 1410 507 1461 Persas
540 1414 603 1462 ad
630 1427 758 1476 quos
786 1429 893 1461 non
919 1412 1008 1462 nifi
1038 1427 1223 1475 magna
1248 1411 1331 1475 spe
1359 1412 1481 1460 lucri

346 1476 600 1542 proposita
616 1480 671 1525 in
686 1478 922 1525 militiam
940 1476 1185 1538 proficisci
1209 1475 1487 1525 consueue-

339 1550 471 1590 rant?
563 1539 808 1605 Legimus
823 1542 956 1605 apud
983 1539 1389 1605 Xenophontem
1409 1539 1488 1591 sti-

340 1606 531 1669 pendia
563 1604 734 1655 militsi
760 1603 1060 1654 Graecorum
1092 1608 1145 1654 in
1173 1603 1488 1670 Peloponeso

346 1684 517 1718 ternos
534 1669 714 1734 obolos
742 1668 1057 1734 AEgineticos
1085 1669 1225 1720 fuiffe
1241 1672 1294 1717 in
1318 1667 1486 1733 fingu-

344 1734 418 1783 los
433 1735 661 1794 dieS‚tres
677 1747 853 1783 autem
869 1734 1011 1783 oboli
1024 1731 1299 1798 AEginetici
1312 1733 1489 1782 valent

339 1801 575 1862 quinque
591 1798 792 1847 Atticos
805 1837 818 1858 ‚
845 1799 981 1848 vnde
997 1799 1251 1862 colligitur
1263 1797 1486 1862 singulos

341 1863 530 1912 milites
560 1866 613 1912 in
637 1861 869 1911 mensem
905 1865 1323 1927 vigintiquinque
1349 1861 1489 1911 Atti*

343 1942 423 1975 cas
438 1926 703 1976 drachmas
722 1930 949 1991 accipere
967 1926 1152 1977 solitos.
1170 1926 1327 1990 Apud
1342 1924 1486 1976 Athe

341 1989 539 2051 nienses
564 2006 741 2040 autem
778 1991 1083 2056 stipendium
1132 1992 1360 2041 militum
1390 1988 1490 2039 fuit

341 2053 586 2104 drachma
611 2054 785 2104 Attica
799 2058 851 2104 in
866 2055 1084 2120 singulos
1103 2057 1209 2105 dies
1236 2055 1401 2104 :vnde
1415 2054 1494 2104 se-

344 2122 521 2180 quitur
547 2120 851 2184 stipendium
883 2121 1200 2170 menstruum
1234 2119 1376 2169 fiiiffc
1391 2120 1488 2168 mi-

340 2182 442 2237 litis
459 2186 665 2249 triginta
678 2184 878 2237 Atticas
894 2185 1177 2238 drachmas.
1190 2182 1318 2237 Non
1331 2186 1488 2242 igitur

1296 2297 1298 2299 .
1336 2243 1489 2300 Dari-2
