1575 2536
335 74 398 124 34
644 70 1253 108 EP1TOMEBVDAE1

342 126 665 197 septuaginta
697 124 820 173 duas
856 129 1018 174 minas
1067 126 1262 176 Atticas
1297 129 1480 189 valuit,

342 206 455 254 qua*
470 188 703 237 efficiunt
723 187 977 247 sexaginta
1001 206 1194 239 nouem
1222 192 1400 252 libras,
1429 198 1481 243 δέ

327 254 670 311 dodrantem,
692 252 790 300 hoc
804 244 1106 313 est,ecntu1n
1122 257 1329 319 triginta
1342 255 1480 304 noue

343 333 535 366 marcas
553 321 605 366 δε
630 317 906 366 duodecim
934 317 1185 382 siciliquos
1211 318 1479 368 aurificum

349 379 790 430 Cracouienfium.

417 446 597 494 Minus
611 443 732 493 vero
756 443 842 493 ide
856 460 977 493 eum
1003 443 1235 494 Euboico
1251 446 1333 494 seu
1347 447 1484 495 Atti-

347 526 410 559 co
428 513 628 558 minore
644 506 859 557 fuit.His
874 513 1010 557 enim
1031 509 1305 573 poderibus
1329 548 1344 571 ,
1357 510 1486 559 ficut

348 591 411 622 ex
426 572 701 622 Herodoto
715 571 971 630 discimus,
988 571 1247 622 Persarum
1262 590 1401 639 teges
1416 574 1485 623 vsi

347 637 465 687 sunt
482 676 494 697 ,
515 637 702 701 quibus
718 634 1024 702 Babylonica
1038 638 1265 702 pondera
1277 637 1487 688 fuerunt

348 706 402 751 in
415 701 519 750 vsu,
611 709 613 712 ⁴
1306 705 1308 708 '
1472 742 1475 744 ,

415 765 615 819 Svrium
643 765 897 814 talentum
926 764 1024 813 fuit
1049 766 1296 827 quadrans
1323 765 1488 814 Attici

348 827 545 889 talenti,
559 829 707 877 libras
722 829 906 877 nostras
922 827 1129 894 appedit
1151 832 1350 878 circiter
1365 845 1488 893 qua-

348 895 638 943 tuordeeim
653 898 707 942 δε
720 891 985 942 semiss'em.
1006 908 1198 942 marcas
1213 896 1489 958 vigintino-

340 973 461 1007 uem
479 963 529 1007 δε
557 956 861 1020 ficiliquum.

412 1018 595 1070 Prseter
619 1020 724 1068 haec
769 1034 944 1069 autem
975 1021 1192 1085 legimus
1231 1022 1490 1070 talentum

347 1101 568 1149 paruum
585 1083 726 1140 fuisse
751 1084 1076 1133 numismati<
1087 1102 1115 1132 u
1124 1100 1195 1145 m,
1211 1100 1401 1149 nempe
1416 1099 1488 1133 ta-

345 1151 476 1198 lenti
492 1149 603 1199 iusti·
630 1150 913 1212 aliquotam
942 1162 1139 1213 partem
1159 1187 1172 1209 ,
1200 1148 1327 1197 sicut
1352 1151 1488 1214 apud

346 1212 689 1266 Athenienses
717 1213 972 1261 talentum
1001 1212 1100 1262 fuit
1124 1210 1489 1263 numismaticu‘

345 1281 561 1328 minoris
596 1278 773 1327 talenti
790 1275 924 1325 sexta
938 1289 1063 1341 pars,
1092 1279 1296 1326 maioris
1311 1292 1488 1326 autem

348 1341 543 1391 otlaua.
589 1342 743 1406 Apud
760 1337 925 1390 Persas
939 1355 1114 1389 autem
1131 1380 1145 1401 ,
1174 1344 1262 1405 qui
1278 1339 1491 1407 Babylo-

349 1410 446 1454 niis
472 1406 783 1470 ponderibus
809 1405 875 1454 vfi
892 1404 1037 1464 sunt,
1065 1404 1490 1455 numismaticum

345 1469 450 1519 fuit
465 1473 668 1519 maioris
683 1470 899 1534 quidem
918 1470 1097 1518 talenti
1112 1468 1247 1517 sexta
1264 1472 1491 1533 pars‚mi-

345 1538 483 1583 noris
508 1548 683 1583 autem
724 1536 919 1596 quinta.
990 1532 1152 1582 Attici
1193 1535 1371 1583 talenti
1396 1549 1492 1582 nu-

348 1597 622 1647 mismatici
667 1595 839 1647 Suidas
867 1600 1121 1646 'meminit
1157 1599 1208 1646 in
1271 1595 1493 1647 difflone

351 1663 563 1711 obolus:
581 1662 854 1715 Talentum
875 1664 1115 1725 inquiens
1134 1660 1229 1711 ess'e
1245 1663 1495 1711 moderna

345 1741 572 1786 quatuor
585 1765 599 1787 ‚
628 1725 989 1775 numismatica
1003 1739 1175 1774 autern
1191 1724 1310 1775 offilo
1324 1731 1377 1779 δὲ
1391 1725 1489 1776 [εκ.

348 1790 560 1840 Minam
577 1804 754 1838 autem
783 1789 1139 1854 sexagesimam
1166 1790 1350 1838 talenti
1385 1805 1494 1854 par-

354 1868 460 1903 tem
481 1860 579 1905 &c.
628 1851 925 1922 Qomodo
949 1867 1125 1905 autem
1153 1852 1493 1918 intelligendu

349 1917 574 1982 fit‚quod
589 1920 713 1968 dicit
728 1957 741 1978 ,
761 1916 977 1966 taletum
993 1917 1089 1966 effe
1104 1919 1354 1967 moderna
1367 1934 1493 1979 qua-

349 1996 481 2040 tuor,
504 1982 712 2032 inferius
727 1983 975 2042 dicemus,
994 1979 1115 2030 cum
1134 1983 1197 2032 de
1212 1980 1488 2048 poderibus

345 2043 615 2096 Hebraicis
630 2044 976 2096 tradabimus.
990 2044 1160 2112 Quod
1174 2061 1349 2096 autem
1367 2047 1494 2097 dicit

348 2111 600 2159 talentum
632 2109 756 2172 esse,
784 2109 1143 2161 numismat'ica
1170 2109 1285 2160 οᾶο
1310 2116 1363 2162 δε
1392 2109 1476 2173 sex

344 2173 449 2241 ἕως
461 2175 765 2242 intelligitur
776 2176 841 2226 de
856 2178 1111 2238 maiori‚&
1125 2178 1317 2233 minori
1331 2167 1492 2241 talen}

791 2272 793 2274 -
1414 2252 1471 2288 to
