1575 2536
509 81 590 116 DE
637 81 819 117 ASSE.
1225 76 1282 116 61

205 133 368 185 Nunc
393 134 459 185 ad
484 135 607 184 alios
644 135 787 186 siclos
812 142 866 188 &
890 135 1085 185 'talenta
1114 139 1286 186 venia-

140 215 275 250 mus.

328 345 406 379 DE
452 342 730 378 MINORI
778 343 1108 378 TALENTO

557 407 881 443 PVBLICO.

163 542 165 544 ·
205 520 363 586 Apud
379 520 697 584 Graecos‚qui
715 520 893 569 iisdem
910 523 1085 581 etiam,
1098 522 1286 584 quibus

118 589 123 596 ‘
142 583 443 645 Hebraei,vli
461 586 578 634 sunt
594 585 925 649 ponderibus,
947 585 1163 649 legimus
1180 601 1287 635 ma-

141 654 250 700 iora
273 655 326 700 δέ
340 653 541 700 minora
564 649 706 698 fuiss'e
734 649 976 713 pondera.
1016 647 1196 698 Minus
1215 665 1291 699 ta-

141 715 347 763 lentum
388 715 524 778 apud
567 712 770 763 Graecos
815 711 915 761 fere
955 711 1159 762 semissis
1186 714 1286 763 fuit

140 780 366 828 maioris:
401 793 458 827 vt
468 780 611 827 verbi
625 776 1030 843 gratia‚Talentfi
1046 778 1286 828 Atticum

144 843 400 906 sexaginta
415 846 578 891 minas
619 843 817 892 Atticas
831 843 1001 891 valens
1017 842 1115 891 fuit
1140 843 1290 892 semis

141 907 326 956 talenti
341 921 554 956 centum
571 912 626 957 Sc
638 910 820 972 viginti
835 910 1095 956 minarum
1111 945 1126 967 ,
1141 910 1286 957 cuius

140 971 410 1021 Vitruuius
448 977 501 1022 δε
553 969 826 1038 Dionysius
876 969 1289 1021 Halicarnaffaeus

141 1038 400 1094 meminit;
428 1035 659 1091 fimiliter
673 1033 870 1084 talentu
886 1037 1028 1099 quod
1040 1037 1177 1100 apud
1192 1034 1291 1086 Pli‘

142 1103 292 1150 nium
310 1114 510 1150 taxatur
525 1139 539 1162 ‚
567 1100 787 1151 sedecim
804 1099 1032 1149 sestertiis
1054 1139 1067 1161 ‚
1084 1100 1185 1151 lioc
1200 1101 1287 1161 est,

141 1165 480 1229 quadraginta
495 1168 663 1225 minis,
680 1165 779 1214 fuit
793 1165 939 1213 semis
955 1167 1135 1214 talenti
1148 1163 1288 1217 05102

141 1234 286 1294 ginta
302 1233 579 1279 minarum.
612 1230 695 1279 Ad
709 1231 935 1280 eundem
952 1232 1108 1294 igitur
1123 1228 1288 1279 modii

143 1295 347 1358 &apud
374 1292 621 1344 Hebraeos
651 1295 906 1343 talentum
923 1298 1094 1343 minus
1120 1294 1289 1359 publi-

142 1373 266 1406 cum
285 1357 382 1406 fuit
399 1357 546 1425 semis
574 1360 752 1407 talenti
768 1356 1023 1422 sanctuarii
1043 1398 1057 1419 ,
1084 1358 1219 1408 vnde
1233 1363 1288 1410 δε

144 1421 290 1471 siclus
317 1422 468 1471 huius
483 1423 662 1472 talenti
679 1424 956 1473 dimidium
986 1424 1186 1487 pondus
1201 1423 1289 1472 ha-

149 1487 266 1535 buit
293 1485 394 1536 sicli
420 1485 676 1551 sanctuarij
696 1527 710 1548 ‚
737 1503 928 1552 nempe
955 1488 1077 1537 duas
1110 1486 1290 1537 drach-

145 1566 273 1611 mas,
304 1548 426 1600 cum
442 1551 587 1601 ficlus
601 1550 857 1615 sanctuarij
876 1567 1099 1617 quatuor
1112 1552 1291 1602 drach-

148 1630 257 1664 mas
271 1617 478 1665 valeret.
525 1614 694 1685 Qod
710 1618 924 1680 quidem
940 1620 1011 1666 ita
1025 1616 1122 1666 ess'c
1137 1618 1292 1668 docet

146 1696 241 1729 nos
255 1678 430 1730 audior
451 1681 566 1730 libri
581 1685 732 1746 primi
752 1679 1292 1746 Machabaeorum‚qui

147 1748 314 1810 capite
329 1746 534 1794 decimo
550 1749 603 1794 in
628 1743 843 1810 Epistola
871 1744 1128 1810 Demetrij
1162 1785 1175 1806 ‚
1201 1762 1293 1810 pro

149 1809 332 1859 decem
372 1811 599 1859 millibus
639 1810 1000 1860 drachmarum
1023 1817 1036 1873 (
1056 1810 1119 1859 fic
1149 1813 1288 1860 enim

152 1871 490 1923 Demetrium
534 1873 750 1924 homine
777 1873 1017 1924 Graccum
1061 1874 1293 1938 scripfiss'e

153 1938 392 1987 discimus
409 1956 470 1988 ex
486 1938 719 2004 Ioseplio)
732 1942 965 2004 quinque
979 1940 1139 1988 millia
1153 1939 1293 1992 ficlo-

154 2018 273 2051 rum
301 2001 563 2053 Hebraico
594 2020 739 2053 more
755 2005 914 2065 dixit,
947 2005 1088 2053 binas
1116 2003 1293 2055 drach-

156 2082 265 2115 mas
280 2082 370 2132 pro
387 2067 587 2132 singulis
602 2069 726 2118 siclis
742 2069 1098 2133 computando
1117 2108 1128 2128 ,
1158 2070 1295 2118 vnde

155 2132 412 2196 colligitur
438 2134 693 2182 talentum
722 2134 990 2197 publicum
1018 2136 1294 2185 dimidium

144 2197 357 2262 pondus
374 2198 554 2248 talenti
569 2197 829 2247 sanctuarii
854 2198 1229 2290 habuiffcfiicu't
1244 2204 1297 2248 &c

1138 2278 1297 2312 taien-
