1575 2536
124 117 126 119 ,
409 76 818 115 ΗΕΒΚΑΙΕῙΒ.
1143 80 1237 130 149

73 146 251 185 torum
265 131 505 182 sementis
518 135 571 183 in
587 135 805 183 circuitu
821 133 1003 183 altaris.
1033 132 1226 201 Septua

72 203 213 264 ginta
229 196 350 247 aute
371 197 697 247 transtulerfit
713 236 729 259 ,
762 196 905 247 Fecit
921 213 1063 248 mare
1077 202 1223 264 quod

73 276 279 327 caperet
292 263 415 313 duas
430 276 675 312 metretas
697 262 939 313 sementis
952 267 1007 314 in
1040 267 1222 313 circui-

76 341 135 376 tu
145 326 311 377 altaris
344 345 356 374 ε
387 330 523 374 {mlum
548 329 737 375 θάλασσαν
760 330 947 391 χωροόσαν
959 331 1027 375 Σόο
1047 331 1222 384 μετρήτας

73 396 276 449 σπέρματος
301 392 471 438 κύκλοθεν
483 393 549 437 nt?
570 394 806 448 θυσταιςιιριόυ.
845 390 949 440 Hic
976 391 1216 457 septuag.

72 453 180 505 satii
195 458 516 520 interpretati
531 455 648 503 sunt
664 469 940 505 metretam
957 495 971 516 ,
1002 473 1110 520 quo
1123 473 1218 507 no-

72 522 216 569 mine
231 520 347 569 alias
365 520 584 568 bathum
603 558 616 579 ,
632 519 777 568 ficuti
794 520 1016 569 diximus
1032 560 1046 581 ‚
1061 537 1216 585 exp0⁴

69 583 296 634 suerunt.
332 583 473 632 Hinc
487 581 662 632 audior
691 582 1028 634 transsationis
1041 587 1215 634 nostrae

71 647 294 698 bathum
322 663 704 711 nonnunquam
732 647 858 696 solet
895 651 1217 712 interpretari

68 711 237 762 satum
254 750 270 772 ,
285 711 424 775 quafi
439 711 602 762 satum
620 711 680 761 sit
695 713 834 761 idem
850 715 992 776 quod
1009 712 1214 774 bathus,

68 779 309 841 quamuis
336 775 567 825 hocloco
589 792 698 825 non
713 775 1011 840 simpliciter
1040 792 1130 841 pro
1148 778 1217 826 sa—

69 855 126 890 to
140 853 360 890 metreta
385 841 598 900 dicitur,
625 839 709 890 sed
739 855 830 903 pro
846 840 949 889 sato
974 840 1215 891 sementis

67 917 290 954 metreta
304 903 562 953 sementis,
606 902 774 972 Qod
791 904 824 953 fi
837 904 1001 953 fatum
1019 906 1216 956 semen-

67 971 133 1018 tis
169 967 406 1018 mensura
441 969 702 1018 aridorum
743 968 1078 1033 intelligenda
1117 971 1185 1020 est
1199 1010 1215 1031 ‚

69 1046 293 1084 metreta
308 1047 521 1096 quoque
536 1032 776 1081 sementis
797 1071 810 1092 ,
838 1032 1033 1082 neceffe
1046 1033 1115 1082 est
1129 1073 1144 1094 ,
1160 1049 1217 1083 vt

69 1098 331 1148 aridorum
348 1095 547 1145 mesura
559 1097 1090 1161 intelligatur,etiamfi
1106 1114 1217 1147 me-

70 1175 203 1210 treta
217 1159 569 1224 Graeci52quod
583 1162 829 1226 equidem
843 1160 1126 1222 sciam‚non
1141 1166 1215 1212 ni-

70 1225 107 1275 fi
121 1226 184 1276 de
196 1224 402 1289 liquidis
417 1227 627 1274 dicatur.
683 1223 782 1274 Sed
797 1226 1014 1275 arbitror
1026 1225 1218 1292 Septua

69 1293 214 1356 ginta
242 1288 423 1342 abusos
451 1289 546 1341 hac
559 1305 689 1339 voce
717 1303 855 1341 certa
880 1294 1122 1355 quapiam
1151 1293 1217 1342 de

70 1353 250 1415 causs'a,
266 1351 400 1404 forte
414 1352 556 1419 quod
572 1353 678 1403 sati'i
693 1354 813 1403 effet
828 1354 1064 1404 mensura
1079 1372 1219 1420 quae-
1289 1404 1292 1405 γ

69 1420 191 1469 dam
207 1420 468 1469 aridorum
492 1419 693 1483 aequalis
708 1418 870 1468 batho
883 1419 970 1468 seu
984 1434 1218 1471 metretae

70 1482 317 1532 mensurae
328 1483 488 1547 liquid
497 1484 802 1535 orumzvnde
815 1484 1082 1547 probabile
1096 1485 1220 1535 esset

52 1561 343 1612 'Vtramque
361 1541 652 1596 mensuram
669 1546 895 1596 comune
912 1564 1110 1597 nomen
1130 1548 1219 1598 ha-

71 1611 230 1661 buiffe
255 1630 266 1659 :
289 1611 434 1676 quod
465 1609 705 1675 Septuag.
742 1611 876 1661 forte
890 1613 1114 1662 indicare
1129 1631 1218 1663 vo-

31 1676 34 1679 “
69 1676 232 1725 lentes
248 1675 611 1729 transtulerunt
624 1690 716 1739 pro
732 1674 836 1724 [ato
853 1674 1109 1736 scincum,
1132 1693 1218 1728 me

73 1738 259 1792 tretam
275 1739 535 1798 sementi5‚
550 1753 605 1788 vt
618 1740 964 1803 intelligamus
981 1739 1075 1789 hac
1090 1757 1217 1793 men

70 1804 237 1856 suram
273 1805 593 1868 liquidorum
624 1808 677 1853 δέ
712 1804 972 1853 aridorum
1010 1804 1169 1854 fuisse.

45 1890 50 1893 ·
71 1867 218 1919 Nam
234 1884 296 1919 ex
309 1867 411 1920 hoc
423 1868 569 1931 quod
583 1881 805 1916 metreta
820 1869 1007 1917 dicitur
1023 1907 1037 1928 ‚
1066 1870 1219 1932 liqui-
1250 1902 1255 1909 ν

71 1935 260 1983 dorum
286 1931 523 1984 mensura
559 1932 892 1995 intelligitur:
914 1949 977 1980 ex
1006 1949 1070 1981 eo
1094 1932 1217 1983 vero

73 1998 217 2062 quod
231 1997 452 2056 additur,
468 1995 725 2052 sementis;
742 1996 1044 2061 intelligitur
1059 2000 1219 2047 etiam

73 2064 336 2112 aridorum
374 2059 610 2110 mensura
647 2058 761 2108 csse.
826 2058 1018 2109 Bathus
1056 2077 1218 2124 quem

76 2124 412 2191 Septuaginta
432 2137 709 2173 metretam
735 2126 1055 2189 interpretati
1084 2124 1219 2185 sunt,

75 2190 310 2260 capiebat
340 2190 673 2302 septuagintla(
685 2187 815 2237 duos
839 2187 1076 2239 sextarios
1116 2187 1220 2240 Roh

745 2267 765 2316 3
1010 2267 1212 2304 manos:
