1575 2536
338 53 368 96 t
384 56 418 95 'r
467 58 549 96 TA
565 51 597 95 t
616 58 643 94 ε
659 57 696 95 N
712 59 746 94 T
761 58 814 94 0.
1183 48 1238 99 81

72 108 413 170 -Absalonem
431 114 655 180 pendere
668 110 733 165 de
759 121 972 178 quercu.
995 117 1080 164 cui
1097 109 1242 177 Ioab‚

81 180 334 238 Sividisti,
377 196 498 231 uate
513 196 621 229 non
635 178 905 229 confodisti
918 194 1063 241 eum,
1078 184 1132 230 36
1145 195 1245 246 ego

80 248 191 296 ztibi
205 246 324 296 dedi
365 260 450 294 em
465 246 649 295 decem
666 247 864 309 argenti
881 252 896 291 ἒ
919 243 1140 294 fic'enim
1155 244 1245 294 ha*

93 311 247 361 betur
258 313 312 360 in
327 308 846 370 Hebrae0‚subaudita
858 308 1171 370 voce‚fic103,
1185 324 1244 361 vt

89 374 152 424 sit
166 375 350 424 decem
366 376 566 440 ¹argenti
582 372 742 422 ficlos.
813 370 894 421 Est
910 377 1052 422 enim
1068 373 1245 426 huiuss-

73 440 235 492 .modi
260 440 502 505 loquutio
514 437 693 488 vfitata
708 475 723 498 ,
753 440 807 502 δε
821 435 999 502 paffim
1015 439 1173 488 obuia
1187 442 1242 491 in

73 502 347 569 scriptura.
389 503 723 567 Septuaginta
735 515 912 550 autem
927 507 980 552 &
995 500 1241 568 Iosephus

87 568 318 618 hocloco
334 584 425 634 pro
439 570 623 618 decem
640 570 837 631 argenti
852 565 979 615 ficlis
994 606 1009 627 ,
1026 568 1240 617 transtua

84 632 260 683 lerunt
273 635 654 697 quinquaginta
665 631 827 691 ficlos,
842 633 1079 695 quinque
1093 631 1238 683 ficlos

86 712 180 762 pro
195 697 399 763 singulis
428 697 553 746 siclis
579 710 946 759 computantes
962 734 976 755 ‚
1003 712 1066 746 eo
1092 695 1238 761 quod

87 765 322 827 quinque
334 761 439 810 sicli
453 763 652 824 argenti
667 762 913 814 dicuntur
928 759 1087 810 siclus,
1127 761 1237 812 An-

83 829 290 876 notauit
311 825 414 877 hoc
427 829 586 874 etiam
612 823 788 875 Suidas
802 863 817 885 ‚
849 824 1020 875 nescio
1036 842 1098 874 ex
1127 843 1235 891 quo

83 888 504 956 auctorqnempe
520 888 696 938 siclum
712 903 982 954 argenteos
999 894 1236 955 quinque

83 956 184 1004 dici
197 956 333 1019 apud
351 953 556 1004 Mosen.
574 951 743 1003 Locus
760 968 1125 1018 autem,quem
1145 958 1233 1006 de-

82 1019 289 1084 fignasse
302 1020 507 1070 videtur
522 1017 697 1068 Suidas
713 1057 726 1079 ,
757 1031 897 1067 extat
912 1016 1126 1069 Genesis
1143 1025 1229 1070 tri-

83 1083 275 1134 cefimo
289 1082 527 1149 septimo,
552 1084 641 1132 vbi
657 1082 838 1147 Ioseph
855 1085 1043 1133 dicitur
1057 1087 1232 1136 vendi-

86 1162 167 1199 tus
180 1150 364 1215 viginti
379 1150 593 1214 argenti,
605 1147 705 1197 hoc
721 1148 806 1208 est,
821 1151 1002 1213 viginti
1017 1148 1141 1199 siclis
1157 1167 1231 1200 ar-

81 1217 226 1278 genti
242 1250 253 1267 ,
279 1229 370 1279 pro
386 1229 493 1278 quo
507 1212 841 1276 Septuaginta
866 1214 1232 1265 transtulerunt

76 1281 263 1343 *viginti
278 1281 441 1327 aureis
457 1316 471 1339 ,
496 1292 553 1328 vt
576 1278 921 1342 intelligamus
946 1282 1130 1343 viginti
1157 1297 1230 1329 ar-

81 1346 226 1407 genti
237 1346 310 1392 ita
321 1340 513 1393 dictum
530 1342 627 1391 ess'e
639 1341 768 1391 ficut
791 1344 927 1407 apud
942 1359 1034 1392 nos
1047 1347 1229 1408 viginti

80 1408 221 1458 aurei
247 1421 473 1456 monetae
486 1409 746 1457 dicuntur.
785 1405 864 1455 Sic
887 1411 1028 1456 enim
1052 1425 1229 1458 verna-

80 1472 199 1520 culo
215 1469 451 1521 sermone
465 1472 636 1520 nostro
651 1471 820 1520 dicere
843 1471 1142 1521 consueuim
1152 1491 1228 1536 us,

79 1534 204 1585 etim
218 1552 328 1586 non
352 1550 530 1586 aureos
545 1575 558 1597 ,
585 1534 670 1585 sed
697 1552 971 1599 aureorum
1001 1541 1228 1601 pretium

77 1602 322 1652 volumus
339 1600 613 1665 designare.
668 1598 962 1669 Qondam
978 1605 1120 1650 enim
1137 1620 1226 1651 au-

79 1680 194 1715 reus
220 1663 503 1730 Vngaricus
540 1665 677 1728 apud
704 1681 795 1714 nos
812 1668 1021 1730 triginta
1053 1665 1227 1730 groffis

78 1731 479 1795 permutabatur
505 1746 568 1778 ex
597 1725 832 1778 Casi'miri
859 1734 1017 1778 ctiam
1046 1730 1227 1782 consti-

80 1798 289 1844 tutione
306 1834 320 1855 ,
344 1795 483 1844 vnde
509 1796 717 1858 triginta
755 1793 900 1859 groffi
931 1798 1225 1850 etiamnum

81 1872 263 1909 aureus
290 1873 544 1910 vocantur
557 1872 585 1907 a
597 1857 797 1918 valore,
826 1857 968 1922 quod
982 1858 1226 1911 Videlicet

80 1938 299 1973 aureum
313 1925 557 1974 valerent.
576 1924 661 1973 Ad
677 1923 819 1972 hunc
834 1926 990 1987 igitur
1003 1925 1225 1975 modum

78 1991 267 2053 viginti
281 1988 477 2054 argenti
492 1991 807 2052 accipiemus
823 1987 925 2037 hoc
940 1986 1056 2037 loco
1071 2003 1225 2054 pecua

79 2057 221 2104 niam
238 2065 534 2119 argenteam
547 2055 733 2101 viointi
747 2068 924 2102 aureos
940 2051 1222 2115 valentem,

62 2130 276 2184 nempe
303 2129 518 2167 centum
542 2116 608 2166 sic
632 2133 687 2167 os
714 2130 982 2183 argenteos
998 2144 1007 2176 ς,
1041 2121 1228 2183 viginti

37 2218 39 2221 .
83 2186 225 2234 enim
240 2181 345 2235 sicli
374 2197 590 2234 centum
605 2197 874 2296 argentlgos
901 2181 1137 2243 efficiunt
1150 2222 1165 2244 ,
1192 2183 1231 2233 ίί

1108 2263 1224 2312 quis
