1575 2536
337 59 365 91 2
735 53 763 89 Ε
785 55 811 88 1>
837 55 855 91 1
872 55 906 90 τ
919 54 954 90 o
974 55 1060 90 ΜΕ
1374 80 1377 84 ⁴

306 57 418 163 {iot
431 106 502 159 est
514 147 530 170 ‚
556 106 796 158 sextarius
814 147 829 169 ‚
856 108 998 173 quod
1013 110 1074 159 sit
1086 107 1223 160 sexta
1235 127 1344 177 pars
1361 127 1469 165 me-

325 177 494 229 dimni
506 211 521 234 ,
536 171 829 224 Romani&
842 176 921 238 alij
942 172 1107 223 Graeci
1127 179 1366 226 modium
1381 193 1471 226 vo-

314 253 451 290 cant.
509 242 679 295 ἦμιεκτδν
719 252 896 287 autem
925 235 996 288 est
1019 237 1213 302 sextarij
1243 239 1330 290 seu
1358 256 1472 290 mo-

317 306 386 368 dij
406 303 686 353 dimidium
717 317 942 367 quatuor
966 303 1226 353 choenices
1243 307 1463 370 capiens,

388 367 457 418 M
466 387 495 415 0
511 386 540 415 ο
556 386 571 414 1
586 384 617 415 v
634 386 652 414 s
679 365 816 416 sexta
831 383 940 433 pars
958 368 1232 429 medimni,
1253 370 1471 434 proinde

324 436 481 483 etiam
509 432 699 482 dicitur
734 435 861 480 ἓκτεϋς
875 469 888 487 ,
912 430 1079 482 Graeci
1116 434 1468 493 medimnum;

319 499 402 562 alij
418 500 472 547 in
485 500 739 562 quinque,
767 497 847 562 alij
865 499 919 546 in
934 497 1016 546 sex
1031 498 1235 547 modios
1248 501 1473 563 partiun-

329 561 630 616 tur‚etiamfi
644 562 910 610 interdum
924 578 1053 611 vnus
1069 567 1122 612 δε
1139 562 1279 612 idem
1293 561 1354 611 fit
1368 577 1476 611 me·-

328 628 538 677 dimnus
553 664 567 687 ,
596 627 732 676 vnde
748 625 970 675 nascitur
992 625 1251 676 diuersitas
1268 628 1471 676 modio-

329 707 446 741 rum
468 710 477 738 :
501 689 892 755 queadmodum
910 693 964 740 in
987 689 1153 740 Sicilia
1178 692 1477 742 medimnus

328 755 599 808 Romanus
636 756 966 805 diuidebatur
1003 758 1059 804 in
1097 758 1334 820 quinque
1366 771 1481 804 mo-

328 822 456 881 dios,
515 835 638 869 uem
655 818 882 871 Romani
899 822 952 869 in
968 818 1049 869 sex
1064 820 1267 870 modios
1281 821 1480 870 diuide-

331 887 473 935 bant.
575 884 723 933 odius
742 883 1009 934 Romanus
1024 887 1188 934 maior
1201 881 1272 934 est
1286 882 1479 934 Craco-

332 948 493 998 uiensi
509 949 799 1013 modi0‚qui
812 949 1088 998 vernaculo
1107 948 1342 999 sermone
1357 951 1481 1000 dici÷

329 1029 413 1065 tur
424 1028 574 1062 matu.
634 1011 764 1062 Tres
780 1015 921 1062 enim
936 1015 1097 1075 modij
1115 1012 1342 1064 Romani
1357 1030 1482 1079 qua-

333 1094 455 1128 tuor
470 1074 837 1127 Cracouienses
853 1075 1101 1127 efficiunt.

399 1140 464 1191 M
480 1161 501 1189 ιε
512 1161 541 1189 τ
553 1159 586 1190 R
602 1160 623 1188 ε
637 1159 665 1188 τ
676 1157 707 1188 A
731 1142 873 1192 idem
940 1142 1045 1192 uod
1061 1142 1213 1191 cadus
1240 1139 1479 1190 mensura

333 1208 518 1258 decem
546 1208 850 1271 congiorum
872 1225 882 1254 :
966 1209 1149 1271 ongius
1176 1219 1357 1255 autem
1375 1222 1484 1255 non

331 1270 564 1322 eiusdem
585 1269 832 1320 mensurae
850 1269 949 1320 fuit
962 1272 1097 1337 apud
1111 1285 1310 1321 omnes,
1340 1266 1485 1319 Con-

332 1340 444 1402 gius
475 1352 567 1401 pro
610 1336 970 1400 magnitudine
1006 1334 1252 1385 mensurae
1286 1349 1485 1400 magnae

336 1415 463 1466 puta
474 1414 706 1449 metretae
719 1414 808 1449 aut
823 1399 1210 1465 amphorae'fuit.

401 1463 455 1514 O
470 1483 499 1511 x
515 1485 526 1511 1
542 1483 567 1511 n
581 1483 607 1512 A
625 1483 646 1511 ι»
661 1482 691 1510 n
705 1482 737 1512 v
750 1483 769 1512 s
793 1464 932 1513 idem
959 1465 1102 1529 quod
1127 1464 1478 1514 acetabulum.

398 1527 454 1579 O
471 1547 499 1576 R
515 1548 538 1576 c
550 1545 580 1577 A
600 1535 696 1579 vas'
709 1528 772 1578 ad
786 1527 993 1579 similitu
1001 1530 1180 1579 dinem
1210 1529 1392 1578 belluae
1406 1545 1485 1578 or-

334 1611 418 1653 cae;
442 1593 559 1642 sunt
583 1596 724 1642 enim
739 1607 926 1643 teretes
951 1608 1110 1659 atque
1124 1591 1486 1658 vniformispe-

338 1662 416 1708 cie
433 1656 731 1708 huiusmodi
742 1656 869 1707 vasa.
1138 1682 1141 1683 ⁷

404 1722 457 1772 O
473 1742 494 1769 ε
507 1740 537 1769 N
554 1740 582 1769 o
597 1740 618 1768 ι’
633 1741 664 1769 Η
680 1740 708 1769 o
722 1740 754 1769 R
769 1741 794 1770 v
808 1740 845 1769 M
872 1721 1012 1771 idem
1026 1721 1168 1786 quod
1187 1721 1424 1772 brochus.
1467 1759 1469 1764 ι

408 1793 506 1849 OQ(
519 1804 549 1833 A
567 1805 597 1833 1>
611 1804 642 1833 R
657 1803 687 1834 A
703 1805 733 1833 N
747 1805 774 1833 τ
786 1803 815 1833 A
831 1804 855 1833 L
885 1787 1025 1836 idem
1043 1787 1186 1851 quod
1200 1785 1452 1852 amphora
1464 1785 1492 1836 εὶ

339 1851 507 1901 forma
522 1853 738 1901 nomine
752 1849 898 1902 fausto.
1364 1901 1366 1904 Α

421 1922 531 1982 Q
547 1932 577 1962 Α
594 1932 626 1964 R
640 1933 667 1962 T
678 1933 711 1962 A
727 1934 756 1964 R
771 1934 785 1962 1
801 1934 832 1963 v
847 1935 865 1964 s
913 1927 1096 1979 quarta
1120 1929 1228 1979 pars
1273 1914 1489 1978 sextarij,

339 1994 586 2044 quaterca
598 1980 753 2045 vulgo
766 1981 1025 2039 dicitu1·;in
1041 1980 1354 2043 ponderibus
1369 1978 1490 2029 vero

340 2048 627 2110 quartarius
644 2060 736 2110 pro
747 2045 1035 2110 quadrante
1048 2044 1201 2094 librae.

405 2106 435 2157 S
455 2126 475 2155 ε
488 2127 512 2156 x
527 2127 555 2156 τ
568 2127 597 2156 Α
613 2127 644 2156 R
659 2128 673 2156 1
688 2128 713 2157 v
727 2128 744 2157 s
771 2110 975 2171 dicitur,
990 2107 1134 2174 quod
1147 2108 1206 2159 fit
1219 2108 1357 2158 sexta
1368 2123 1490 2158 cone

338 2174 407 2240 gij
436 2187 567 2241 pars.⁴
608 2170 864 2226 Sextarius
890 2171 1159 2226 Romanus
1188 2172 1491 2288 duasllibras

356 2269 360 2273 -
1342 2253 1490 2303 iquo·
