1575 2536
419 77 453 111 ι)
475 78 502 112 E
549 78 579 112 A
604 78 626 114 s
646 78 671 113 s
691 78 736 111 E.
1153 75 1175 118 a
1189 75 1206 109 1

67 136 152 184 tis:
177 147 288 196 quae
303 146 393 196 pro
407 135 601 181 ratione
626 129 870 195 cuiusque
895 132 1073 179 talenti
1095 130 1211 194 plus

72 194 311 246 minusue
350 197 579 246 valerent
613 209 896 259 augmento
920 196 1000 244 vel
1036 194 1211 243 decre-

71 265 270 309 mento.
313 258 451 327 Qae
476 260 631 309 verba
655 258 872 308 Pollucis
899 257 1110 307 Budaeus
1123 274 1209 307 ex<

73 325 260 389 plicans
276 363 288 384 ‚
317 340 378 372 ex
398 327 474 374 his
489 363 503 385 ,
518 327 688 389 inquit
703 323 894 383 ,verbis
908 324 970 372 ad
993 320 1215 372 formula

71 404 228 438 Vnam
243 391 419 438 omnia
442 389 820 453 propemodum
845 402 1030 451 genera
1054 388 1213 435 talem

75 459 246 501 torum
277 451 642 516 minarumque
677 453 903 516 redigere
929 450 1210 515 poffumus.

81 516 379 586 Qomodo
393 520 532 566 enim
549 517 785 566 Atticum
808 516 1062 564 talentum
1079 514 1214 563 sexa*

73 597 228 646 genas
243 584 405 630 minas
420 583 552 645 capit
566 620 580 641 ‚
608 586 662 632 δε
675 584 817 629 mina
854 579 1027 628 Attica
1043 593 1215 627 cente-

76 662 164 695 nas
178 644 284 693 suas
314 645 607 705 drachmas,
635 645 698 693 fic
724 643 1064 710 Babylonium
1082 642 1215 691 sexa-

75 725 229 775 genas
254 712 414 758 minas
440 708 738 766 Babvlonias
761 725 875 773 quae
899 722 1138 756 centenas
1163 713 1217 757 δεῖ

69 773 191 839 ,ipsae
205 773 468 823 drachmas
481 770 771 823 vernaculas
786 770 956 837 capitit
972 811 986 832 ‚
1011 777 1062 821 64
1076 770 1217 835 AEgi-

67 837 232 887 nense
267 838 520 886 talentum
545 839 768 893 totidem
786 841 948 885 minas
975 834 1219 901 AEginem

77 901 173 962 ses,
208 907 260 952 &
294 900 591 966 AEgineticae
614 902 776 950 rursus
805 905 956 950 minat
980 915 1221 949 centenas

77 965 343 1016 drachmas
374 965 697 1032 AEgineticas.
742 963 939 1016 Verum
953 963 1222 1013 enimvero

77 1045 136 1083 vt
161 1028 500 1098 Babylonium
547 1032 802 1080 talentum
828 1033 1222 1095 proportionem

80 1093 349 1160 ephec‘tam
373 1134 385 1155 ‚
412 1097 463 1145 id
477 1096 545 1144 est
562 1134 575 1155 ,
591 1094 946 1159 sesquisextam
958 1094 1053 1156 (vel
1069 1108 1126 1142 vt
1140 1093 1220 1154 alij

67 1159 370 1223 loquuntur
394 1159 732 1226 supersextam
751 1161 764 1220 )
787 1159 848 1208 ad
863 1160 1118 1208 talentum
1137 1157 1224 1205 lia-

85 1223 425 1273 betAtticum
443 1262 456 1285 ,
483 1223 619 1273 sexta
629 1227 770 1272 enim
787 1237 927 1287 parte
943 1222 1042 1271 hoc
1057 1222 1119 1269 ab
1136 1222 1224 1271 illo

66 1287 363 1352 :superatum
403 1288 469 1338 fic
491 1288 735 1337 drachma
750 1286 1026 1347 Babylonia
1052 1285 1226 1336 Attica

84 1351 384 1401 drachmam
416 1351 714 1416 sesquisexta
739 1349 1070 1417 proportione
1083 1350 1223 1415 supe-

86 1428 164 1464 rat
196 1413 285 1464 :Et
298 1430 355 1464 vt
380 1413 652 1481 AEginense
668 1418 924 1465 talentum
940 1418 1225 1480 proportio-

86 1494 210 1528 nem
243 1479 695 1545 superpartientem
711 1482 773 1530 ad
798 1481 1037 1529 Atticum
1067 1479 1228 1528 talen-

89 1557 206 1593 tum
221 1543 379 1599 habet
394 1583 409 1605 ‚
431 1559 613 1609 vtpote
629 1547 771 1608 quod
791 1544 947 1593 semel
960 1545 1012 1593 id
1029 1546 1164 1607 capit
1176 1549 1230 1593 δε

87 1609 211 1658 duas
225 1607 428 1673 insuper
441 1612 547 1658 eius
564 1623 727 1674 partes
755 1612 844 1671 (ita
854 1612 995 1657 enim
1010 1607 1231 1656 sehabet

89 1676 450 1725 centenarium
466 1674 716 1722 talentum
734 1675 795 1723 ad
821 1672 1224 1737 sexagenarium)

95 1736 163 1787 fic
182 1738 401 1787 eandem
427 1753 640 1802 quoque
663 1740 1054 1802 proportionem
1093 1734 1233 1800 AEgi-

95 1817 194 1850 nea
215 1801 461 1851 drachma
483 1804 546 1851 ad
572 1803 802 1851 Atticam
829 1801 1129 1851 drachmam
1145 1800 1234 1849 ha-

66 1909 72 1917 2
95 1865 216 1926 bet,
239 1881 296 1915 vt
321 1868 606 1930 quaedenos
631 1867 811 1917 obolos
833 1865 1035 1915 Atticos
1049 1868 1233 1929 capiat,

93 1945 227 1993 quos
241 1930 415 1980 Attica
439 1945 642 1980 tantum
660 1930 817 1980 senos.
857 1928 1118 1979 Hafi'oenus
1137 1928 1235 1978 Bu-

96 1995 247 2044 daeus.
266 1993 577 2046 Notandum
591 1994 712 2044 vero
726 1996 809 2055 est,
823 1993 966 2059 quod
979 1994 1108 2044 ficut
1123 1993 1236 2043 Pol-

94 2058 185 2107 lux
199 2058 427 2110 hocloco
441 2062 568 2110 dixit
581 2100 594 2120 ‚
620 2059 960 2127 Babylonium
976 2060 1233 2107 talentum

96 2122 416 2188 septuaginta
429 2128 590 2174 minas
606 2125 801 2175 Atticas
816 2124 1018 2181 lia-bete;
1047 2127 1116 2172 ita
1130 2121 1238 2187 Hc<

98 2188 312 2239 rodotus
334 2188 436 2240 hoc
448 2189 614 2257 ipsum
642 2190 913 2250 talentum,
926 2203 1116 2255 nempe
1147 2186 1239 2236 Ba-

1094 2253 1240 2321 bylo-
